<collection xmlns="http://www.loc.gov/MARC21/slim">
   <record>
      <leader>05087cam a2200589 i 45 0</leader>
      <controlfield tag="001">6800008</controlfield>
      <controlfield tag="003">OCoLC</controlfield>
      <controlfield tag="005">20150209115433.0</controlfield>
      <controlfield tag="006">m    |o  d |      </controlfield>
      <controlfield tag="007">cr*|||||||||||</controlfield>
      <controlfield tag="008">140404s2015    enk     ob    001 0 eng  </controlfield>
      <datafield ind1=" " ind2=" " tag="010">
         <subfield code="a">  2014009514</subfield>
      </datafield>
      <datafield ind1=" " ind2=" " tag="015">
         <subfield code="a">GBB490048</subfield>
         <subfield code="2">bnb</subfield>
      </datafield>
      <datafield ind1="7" ind2=" " tag="016">
         <subfield code="a">016838312</subfield>
         <subfield code="2">Uk</subfield>
      </datafield>
      <datafield ind1=" " ind2=" " tag="020">
         <subfield code="a">9781139225274 (ebook)</subfield>
      </datafield>
      <datafield ind1=" " ind2=" " tag="020">
         <subfield code="a">9781107027121 (hardback : alkaline paper)</subfield>
      </datafield>
      <datafield ind1=" " ind2=" " tag="035">
         <subfield code="a">ocn903198381</subfield>
      </datafield>
      <datafield ind1=" " ind2=" " tag="040">
         <subfield code="a">DLC</subfield>
         <subfield code="b">eng</subfield>
         <subfield code="e">rda</subfield>
         <subfield code="c">DLC</subfield>
         <subfield code="d">BTCTA</subfield>
         <subfield code="d">ERASA</subfield>
         <subfield code="d">UKMGB</subfield>
         <subfield code="d">OCLCF</subfield>
         <subfield code="d">AEU</subfield>
      </datafield>
      <datafield ind1=" " ind2=" " tag="042">
         <subfield code="a">pcc</subfield>
      </datafield>
      <datafield ind1=" " ind2=" " tag="043">
         <subfield code="a">aw-----</subfield>
         <subfield code="a">e------</subfield>
         <subfield code="a">ff-----</subfield>
      </datafield>
      <datafield ind1="0" ind2="0" tag="050">
         <subfield code="a">CJ851</subfield>
         <subfield code="b">.B88 2014</subfield>
      </datafield>
      <datafield ind1="0" ind2="0" tag="082">
         <subfield code="a">737.4937.63</subfield>
         <subfield code="2">23</subfield>
      </datafield>
      <datafield ind1=" " ind2=" " tag="084">
         <subfield code="a">HIS002000</subfield>
         <subfield code="2">bisacsh</subfield>
      </datafield>
      <datafield ind1=" " ind2=" " tag="090">
         <subfield code="a">Internet Access</subfield>
         <subfield code="b">AEU</subfield>
      </datafield>
      <datafield ind1="1" ind2=" " tag="100">
         <subfield code="a">Butcher, Kevin.</subfield>
         <subfield code="0">http://id.loc.gov/authorities/names/nr91000212</subfield>
         <subfield code="0">http://viaf.org/viaf/76345963</subfield>
      </datafield>
      <datafield ind1="1" ind2="4" tag="245">
         <subfield code="a">The metallurgy of Roman silver coinage :</subfield>
         <subfield code="b">from the reform of Nero to the reform of Trajan /</subfield>
         <subfield code="c">Kevin Butcher and Matthew Ponting ; with contributions by Jane Evans, Vanessa Pashley and Christopher Somerfield.</subfield>
      </datafield>
      <datafield ind1=" " ind2="1" tag="264">
         <subfield code="a">Cambridge, United Kingdom :</subfield>
         <subfield code="b">Cambridge University Press,</subfield>
         <subfield code="c">2014.</subfield>
      </datafield>
      <datafield ind1=" " ind2=" " tag="300">
         <subfield code="a">1 online resource.</subfield>
      </datafield>
      <datafield ind1=" " ind2=" " tag="336">
         <subfield code="a">text</subfield>
         <subfield code="2">rdacontent</subfield>
         <subfield code="0">http://id.loc.gov/vocabulary/contentTypes/txt</subfield>
      </datafield>
      <datafield ind1=" " ind2=" " tag="337">
         <subfield code="a">computer</subfield>
         <subfield code="2">rdamedia</subfield>
         <subfield code="0">http://id.loc.gov/vocabulary/mediaTypes/c</subfield>
      </datafield>
      <datafield ind1=" " ind2=" " tag="338">
         <subfield code="a">online resource</subfield>
         <subfield code="2">rdacarrier</subfield>
         <subfield code="0">http://id.loc.gov/vocabulary/carriers/cr</subfield>
      </datafield>
      <datafield ind1=" " ind2=" " tag="504">
         <subfield code="a">Includes bibliographical references and index.</subfield>
      </datafield>
      <datafield ind1="2" ind2=" " tag="505">
         <subfield code="a">Part I. General Introduction -- Roman silver coinage and monetary history -- Roman silver coins and monetary stability -- A science on the margins of numismatics : the history of metrological and metallurgical studies -- Metrology and hoard analysis -- The issues of "fineness," of instrumental analysis, and of data quality -- Metallography and the production of denarius blanks -- The material sampled -- Part II. The Denarius -- The Julio-Claudian background -- The reforms of Nero, AD 64-68 -- The Civil Wars, AD 68-69 : Rome -- The Western denarii of the Civil Wars -- From Vespasian to the reform of Domitian, AD 69-82 -- The reforms of Domitian -- From Nerva to the reform of Trajan, AD 96-99 -- The denarius : summary and conclusions -- Part III. Provincial Silver Coinages -- Cistophori of Asia -- Other provincial silver of Asia Minor -- Caesarea in Cappadocia -- Syria -- Egypt -- Provincial silver coinages : summary and conclusions -- Summary of conclusions.</subfield>
      </datafield>
      <datafield ind1=" " ind2=" " tag="506">
         <subfield code="a">Access restricted to authorized users and institutions.</subfield>
      </datafield>
      <datafield ind1="2" ind2=" " tag="520">
         <subfield code="a">"The fineness of Roman imperial and provincial coinage has been regarded as an indicator of the broader fiscal health of the Roman Empire, with the apparent gradual decline of the silver content being treated as evidence for worsening deficits and the contraction of the supply of natural resources from which the coins were made. This book explores the composition of Roman silver coinage of the first century AD, re-examining traditional interpretations in the light of an entirely new programme of analyses of the coins, which illustrates the inadequacy of many earlier analytical projects. In addition, minor and trace elements, and lead isotopes, provide evidence for the supply of materials and refining and minting technology. Sometimes this allows us to determine the origin of the metal, whether freshly mined, or recycled. It can even pinpoint likely episodes of recycling old coins and, when combined with the study of hoards, hint at possible strategies of stockpiling of metal. The creation of reserves has a direct bearing on the question of the adequacy of revenues and fiscal health"--</subfield>
         <subfield code="c">Provided by publisher.</subfield>
      </datafield>
      <datafield ind1=" " ind2=" " tag="596">
         <subfield code="a">44</subfield>
      </datafield>
      <datafield ind1=" " ind2="0" tag="650">
         <subfield code="a">Coins, Roman.</subfield>
         <subfield code="0">http://id.loc.gov/authorities/subjects/sh85027857</subfield>
      </datafield>
      <datafield ind1=" " ind2="0" tag="650">
         <subfield code="a">Silver coins</subfield>
         <subfield code="z">Rome.</subfield>
      </datafield>
      <datafield ind1=" " ind2="0" tag="650">
         <subfield code="a">Silver</subfield>
         <subfield code="x">Metallurgy.</subfield>
         <subfield code="0">http://id.loc.gov/authorities/subjects/sh85122594</subfield>
      </datafield>
      <datafield ind1=" " ind2="0" tag="650">
         <subfield code="a">Metals</subfield>
         <subfield code="x">Analysis.</subfield>
         <subfield code="0">http://id.loc.gov/authorities/subjects/sh85084169</subfield>
      </datafield>
      <datafield ind1=" " ind2="0" tag="650">
         <subfield code="a">Numismatics, Roman.</subfield>
         <subfield code="0">http://id.loc.gov/authorities/subjects/sh85093267</subfield>
      </datafield>
      <datafield ind1=" " ind2="0" tag="650">
         <subfield code="a">Coinage</subfield>
         <subfield code="z">Rome</subfield>
         <subfield code="x">History.</subfield>
         <subfield code="0">http://id.loc.gov/authorities/subjects/sh2009120562</subfield>
      </datafield>
      <datafield ind1=" " ind2="0" tag="651">
         <subfield code="a">Rome</subfield>
         <subfield code="x">Antiquities.</subfield>
         <subfield code="0">http://id.loc.gov/authorities/subjects/sh85115088</subfield>
      </datafield>
      <datafield ind1=" " ind2="0" tag="651">
         <subfield code="a">Rome</subfield>
         <subfield code="x">History</subfield>
         <subfield code="y">Empire, 30 B.C.-284 A.D.</subfield>
      </datafield>
      <datafield ind1="1" ind2=" " tag="700">
         <subfield code="a">Ponting, Matthew.</subfield>
         <subfield code="0">http://id.loc.gov/authorities/names/n2004042969</subfield>
         <subfield code="0">http://viaf.org/viaf/17471368</subfield>
      </datafield>
      <datafield ind1="1" ind2=" " tag="700">
         <subfield code="a">Evans, Jane</subfield>
         <subfield code="c">(Geochemist)</subfield>
         <subfield code="0">http://id.loc.gov/authorities/names/n2014018595</subfield>
         <subfield code="0">http://viaf.org/viaf/307433289</subfield>
      </datafield>
      <datafield ind1="1" ind2=" " tag="700">
         <subfield code="a">Pashley, Vanessa.</subfield>
         <subfield code="0">http://id.loc.gov/authorities/names/n2014018584</subfield>
         <subfield code="0">http://viaf.org/viaf/307433281</subfield>
      </datafield>
      <datafield ind1="1" ind2=" " tag="700">
         <subfield code="a">Somerfield, Christopher.</subfield>
         <subfield code="0">http://id.loc.gov/authorities/names/n2014018562</subfield>
         <subfield code="0">http://viaf.org/viaf/307433262</subfield>
      </datafield>
      <datafield ind1=" " ind2=" " tag="758">
         <subfield code="0">http://worldcat.org/entity/work/id/23517100</subfield>
      </datafield>
      <datafield ind1="0" ind2=" " tag="787">
         <subfield code="n">OCLC Work Id</subfield>
         <subfield code="o">http://worldcat.org/entity/work/id/23517100</subfield>
      </datafield>
      <datafield ind1="4" ind2="0" tag="856">
         <subfield code="3">University of Alberta Access</subfield>
         <subfield code="u">http://dx.doi.org/10.1017/CBO9781139225274</subfield>
      </datafield>
      <datafield ind1=" " ind2=" " tag="926">
         <subfield code="a">Internet Access</subfield>
         <subfield code="w">LC</subfield>
         <subfield code="c">1</subfield>
         <subfield code="i">6800008-1001</subfield>
         <subfield code="l">INTERNET</subfield>
         <subfield code="m">UAINTERNET</subfield>
         <subfield code="r">Y</subfield>
         <subfield code="s">Y</subfield>
         <subfield code="t">E-RESOURCE</subfield>
         <subfield code="u">2/9/2015</subfield>
         <subfield code="x">E-BOOK</subfield>
         <subfield code="z">CBO</subfield>
      </datafield>
   </record>
</collection>
